<?xml version="1.0" encoding="UTF-8"?><collection xmlns="http://www.loc.gov/MARC21/slim"><record><leader>00434nam--2200157-i-4500</leader><controlfield tag="001">000005655</controlfield><controlfield tag="002">20161230</controlfield><controlfield tag="005">20170127213154</controlfield><controlfield tag="008">060222s1000------------r-----000-0-eng-d</controlfield><datafield ind1=" " ind2=" " tag="100"><subfield code="a">Cahn, R. S</subfield></datafield><datafield ind1=" " ind2=" " tag="245"><subfield code="a">An introduction to chemical nomenclature</subfield></datafield><datafield ind1=" " ind2=" " tag="260"><subfield code="a">London</subfield><subfield code="b">Butterworths Scientific Publ</subfield><subfield code="c">1959</subfield></datafield><datafield ind1=" " ind2=" " tag="300"><subfield code="a">VIIIi + 96 p</subfield></datafield><datafield ind1=" " ind2=" " tag="490"><subfield code="a">Butterworths Scientific Publications</subfield></datafield><datafield ind1=" " ind2=" " tag="852"><subfield code="a">16691</subfield></datafield><datafield ind1=" " ind2=" " tag="CAT"><subfield code="a">SYS</subfield><subfield code="c">20170127</subfield><subfield code="h">213155</subfield></datafield></record></collection>